# File content for all describe blocks
$835Body = "ISA*01*0000000000*01*0000000000*ZZ*ABCDEFGHIJKLMNO*ZZ*123456789012345*101127*1719*U*00400*000003438*0*P*>~GS*HP*ABCCOM*01017*20110315*1005*1*X*004010X091A1~ST*835*07504123~BPR*H*5.75*C*NON************20110315~TRN*1*A04B001017.07504*1346000128~DTM*405*20110308~N1*PR*ASHTABULA COUNTY ADAMH BD*XX*6457839886~N3*4817 STATE ROAD SUITE 203~N4*ASHTABULA*OH*44004~N1*PE*LAKE AREA RECOVERY CENTER *FI*346608640~N3*2801 C. COURT~N4*ASHTABULA*OH*44004~REF*PQ*1017~LX*1~CLP*444444*1*56.70*56.52*0*MC*0000000655555555*53~NM1*QC*1*FUDD*ELMER*S***MI*1333333~NM1*82*2*WECOVERWY SVCS*****FI*346608640~REF*F8*A76B04054~SVC*HC:H0005:HF:H9*56.70*56.52**6~DTM*472*20110205~CAS*CO*42*0.18*0~REF*6R*444444~CLP*999999*4*25.95*0*25.95*13*0000000555555555*11~NM1*QC*1*SAM*YOSEMITE*A***MI*3333333~NM1*82*2*ACME AGENCY*****FI*310626223~REF*F8*H57B10401~SVC*ZZ:M2200:HE*25.95*0**1~DTM*472*20021224~CAS*CR*18*25.95*0~CAS*CO*42*0*0~REF*6R*999999~CLP*888888*4*162.13*0*162.13*MC*0000000456789123*11~NM1*QC*1*SQUAREPANTS*BOB* ***MI*2222222~NM1*82*2*BIKINI AGENCY*****FI*310626223~REF*F8*H57B10401~SVC*ZZ:M151000:F0*162.13*0**1.9~DTM*472*20020920~CAS*CO*29*162.13*0*42*0*0~REF*6R*888888~CLP*111111*2*56.52*18.88*0*13*0000000644444444*53~NM1*QC*1*LEGHORN*FOGHORN*P***MI*7777777~NM1*82*2*CHICKENHAWK SVCS*****FI*346608640~REF*F8*A76B04054~SVC*HC:H0005:HF:H9*56.52*18.88**6~DTM*472*20031209~CAS*CO*42*0*0~CAS*OA*23*37.64*0~REF*6R*111111~CLP*121212*4*56.52*0*0*13*0000000646464640*53~NM1*QC*1*EXPLORER*DORA****MI*1717171~NM1*82*2*SWIPER AGENCY*****FI*346608640~REF*F8*A76B04054~SVC*HC:H0005:HF:H9*56.52*0**6~DTM*472*20031202~CAS*CO*42*0*0~CAS*OA*23*57.6*0*23*-1.08*0~REF*6R*121212~CLP*333333*1*74.61*59.69*14.92*13*0000000688888888*55~NM1*QC*1*BEAR*YOGI* ***MI*2222222~NM1*82*2*JELLYSTONE SVCS*****FI*346608640~REF*F8*A76B04054~SVC*ZZ:A0230:HF*74.61*59.69**1~DTM*472*20110203~CAS*PR*2*14.92*0~CAS*CO*42*0*0~REF*6R*333333~CLP*777777*25*136.9*0*0*13*0000000622222222*53~NM1*QC*1*BIRD*TWEETY*M***MI*4444444~NM1*82*2*GRANNY AGENCY*****FI*340716747~REF*F8*A76B03293~SVC*HC:H0015:HF:99:H9*136.9*0**1~DTM*472*20030911~CAS*PI*104*136.72*0~CAS*CO*42*0.18*0~REF*6R*777777~CLP*123456*22*-42.58*-42.58*0*13*0000000657575757*11~NM1*QC*1*SIMPSON*HOMER* ***MI*8787888~NM1*82*2*DOH GROUP*****FI*310626223~REF*F8*A57B04033~SVC*HC:H0036:GT:UK*-42.58*-42.58**-2~DTM*472*20110102~CAS*CR*141*0*0*42*0*0*22*0*0~CAS*OA*141*0*0~REF*6R*123456~CLP*090909*22*-86.76*-86.76*0*MC*0000000648484848*53~NM1*QC*1*DUCK*DAFFY*W***MI*1245849~NM1*82*2*ABTHSOLUTE HELP*****FI*346608640~REF*F8*A76B04054~SVC*HC:H0004:HF:H9*-86.76*-86.76**-4~DTM*472*20110210~CAS*CR*22*0*0*42*0*0~CAS*OA*22*0*0~REF*6R*090909~LQ*HE*MA92~SE*93*07504123~ST*835*99999~BPR*H*5.75*C*NON************20110315~TRN*1*A04B001017.07504*1346000128~DTM*405*20110308~N1*PR*ASHTABULA COUNTY ADAMH BD*XX*6457839886~N3*4817 STATE ROAD SUITE 203~N4*ASHTABULA*OH*44004~N1*PE*LAKE AREA RECOVERY CENTER *FI*346608640~N3*2801 C. COURT~N4*ASHTABULA*OH*44004~REF*PQ*1017~LX*1~CLP*444444*1*56.70*56.52*0*MC*0000000655555555*53~NM1*QC*1*FUDD*ELMER*S***MI*1333333~NM1*82*2*WECOVERWY SVCS*****FI*346608640~REF*F8*A76B04054~SVC*HC:H0005:HF:H9*56.70*56.52**6~DTM*472*20110205~CAS*CO*42*0.18*0~REF*6R*444444~CLP*999999*4*25.95*0*25.95*13*0000000555555555*11~NM1*QC*1*SAM*YOSEMITE*A***MI*3333333~NM1*82*2*ACME AGENCY*****FI*310626223~REF*F8*H57B10401~SVC*ZZ:M2200:HE*25.95*0**1~DTM*472*20021224~CAS*CR*18*25.95*0~CAS*CO*42*0*0~REF*6R*999999~CLP*888888*4*162.13*0*162.13*MC*0000000456789123*11~NM1*QC*1*SQUAREPANTS*BOB* ***MI*2222222~NM1*82*2*BIKINI AGENCY*****FI*310626223~REF*F8*H57B10401~SVC*ZZ:M151000:F0*162.13*0**1.9~DTM*472*20020920~CAS*CO*29*162.13*0*42*0*0~REF*6R*888888~CLP*111111*2*56.52*18.88*0*13*0000000644444444*53~NM1*QC*1*ThisLastNameOccursOnlyOnce*FOGHORN*P***MI*7777777~NM1*82*2*CHICKENHAWK SVCS*****FI*346608640~REF*F8*A76B04054~SVC*HC:H0005:HF:H9*56.52*18.88**6~DTM*472*20031209~CAS*CO*42*0*0~CAS*OA*23*37.64*0~REF*6R*111111~CLP*121212*4*56.52*0*0*13*0000000646464640*53~NM1*QC*1*EXPLORER*DORA****MI*1717171~NM1*82*2*SWIPER AGENCY*****FI*346608640~REF*F8*A76B04054~SVC*HC:H0005:HF:H9*56.52*0**6~DTM*472*20031202~CAS*CO*42*0*0~CAS*OA*23*57.6*0*23*-1.08*0~REF*6R*121212~CLP*333333*1*74.61*59.69*14.92*13*0000000688888888*55~NM1*QC*1*BEAR*YOGI* ***MI*2222222~NM1*82*2*JELLYSTONE SVCS*****FI*346608640~REF*F8*A76B04054~SVC*ZZ:A0230:HF*74.61*59.69**1~DTM*472*20110203~CAS*PR*2*14.92*0~CAS*CO*42*0*0~REF*6R*333333~CLP*777777*25*136.9*0*0*13*0000000622222222*53~NM1*QC*1*BIRD*TWEETY*M***MI*4444444~NM1*82*2*GRANNY AGENCY*****FI*340716747~REF*F8*A76B03293~SVC*HC:H0015:HF:99:H9*136.9*0**1~DTM*472*20030911~CAS*PI*104*136.72*0~CAS*CO*42*0.18*0~REF*6R*777777~CLP*123456*22*-42.58*-42.58*0*13*0000000657575757*11~NM1*QC*1*SIMPSON*HOMER* ***MI*8787888~NM1*82*2*DOH GROUP*****FI*310626223~REF*F8*A57B04033~SVC*HC:H0036:GT:UK*-42.58*-42.58**-2~DTM*472*20110102~CAS*CR*141*0*0*42*0*0*22*0*0~CAS*OA*141*0*0~REF*6R*123456~CLP*090909*22*-86.76*-86.76*0*MC*0000000648484848*53~NM1*QC*1*DUCK*DAFFY*W***MI*1245849~NM1*82*2*ABTHSOLUTE HELP*****FI*346608640~REF*F8*A76B04054~SVC*HC:H0004:HF:H9*-86.76*-86.76**-4~DTM*472*20110210~CAS*CR*22*0*0*42*0*0~CAS*OA*22*0*0~REF*6R*090909~LQ*HE*MA92~SE*93*99999~GE*2*1~IEA*1*004075123"
$numberOfSegments = $835Body.Split("~").Count
$numberOfTransactionSets = $835Body.Split("~").Where({ $_.StartsWith("ST*835") }).Count

$TestFiles = @(
    @{ "ContextName" = "Test file has ~ segment delimiter, no carriage return or line feed"; 
       "FileName" = "$([System.Guid]::NewGuid()).edi";
       "FileContent" = $835Body; 
       "HasLineFeed" = $false; 
       "HasCarriageReturn" = $false 
    },

    @{ "ContextName" = "Test file has ~ segment delimiter and line feed"; 
       "FileName" = "$([System.Guid]::NewGuid()).edi"; 
       "FileContent" = $835Body.Replace("~", "~`n"); 
       "HasLineFeed" = $true; 
       "HasCarriageReturn" = $false 
    },

    @{ "ContextName" = "Test file has ~ segment delimiter, carriage return, and line feed"; 
       "FileName" = "$([System.Guid]::NewGuid()).edi"; 
       "FileContent" = $835Body.Replace("~", "~`r`n"); 
       "HasLineFeed" = $true; 
       "HasCarriageReturn" = $true 
    },

    @{ "ContextName" = "Test file has line feed as the segment delimiter"; 
       "FileName" = "$([System.Guid]::NewGuid()).edi"; 
       "FileContent" = $835Body.Replace("~", "`n"); 
       "HasLineFeed" = $false;
       "HasCarriageReturn" = $false 
    }
)
Describe "Get-EdiFile" {
    foreach($testFile in $TestFiles) {
        Context "$($testFile['ContextName'])" {         
            # create test file 
            $path = Join-Path $TestDrive $testFile["FileName"]
            Set-Content -Path $path -Value $testFile["FileContent"]
            $ediFile = Get-EdiFile -InputObject $path
    
            It "has expected body content" {
                $ediFile.Body = $testFile["FileContent"]
            }
    
            It "has expected carriage returns" {
                $ediFile.HasCarriageReturn | Should Be $testFile["HasCarriageReturn"]
            }
    
            It "has expected line feeds" {
                $ediFile.HasNewLine | Should Be $testFile["HasLineFeed"]
            }
    
            It "has expected number of segments" {
                $ediFile.Lines.Count | Should Be $numberOfSegments
            }
    
            # Test ISA properties
            It "has correct ISA properties"{
                $ediFile.ISA01 | Should Be "01"
                $ediFile.ISA02 | Should Be "0000000000"
                $ediFile.ISA03 | Should Be "01"
                $ediFile.ISA04 | Should Be "0000000000"
                $ediFile.ISA05 | Should Be "ZZ"
                $ediFile.ISA06 | Should Be "ABCDEFGHIJKLMNO"
                $ediFile.ISA07 | Should Be "ZZ"
                $ediFile.ISA08 | Should Be "123456789012345"
                $ediFile.ISA09 | Should Be "101127"
                $ediFile.ISA10 | Should Be "1719"
                $ediFile.ISA11 | Should Be "U"
                $ediFile.ISA12 | Should Be "00400"
                $ediFile.ISA13 | Should Be "000003438"
                $ediFile.ISA14 | Should Be "0"
                $ediFile.ISA15 | Should Be "P"

                $ediFile.InterchangeControlNumber | Should Be "000003438"
                $ediFile.SenderQualifier | Should Be "ZZ"
                $ediFile.SenderId | Should Be $ediFile.ISA06.Trim()
                $ediFile.ReceiverQualifier | Should Be "ZZ"
                $ediFile.ReceiverId | Should Be $ediFile.ISA08.Trim()

                $ediFile.ComponentDelimiter | Should Be ">"
                $ediFile.ElementDelimiter | Should Be "*"
            }

            <#
            
            ComponentDelimiter       NoteProperty   char ComponentDelimiter=:
            DirectoryName            NoteProperty   string DirectoryName=C:\Users\Lance\Desktop\FILES\GitHub\EdiTools\Sample Files
            ElementDelimiter         NoteProperty   char ElementDelimiter=*

            InterchangeDate          NoteProperty   datetime InterchangeDate=1/1/2019 12:01:00 AM

            ISA01                    NoteProperty   string ISA01=00
            ISA02                    NoteProperty   string ISA02=
            ISA03                    NoteProperty   string ISA03=00
            ISA04                    NoteProperty   string ISA04=
            ISA05                    NoteProperty   string ISA05=ZZ
            ISA06                    NoteProperty   string ISA06=TheSender
            ISA07                    NoteProperty   string ISA07=ZZ
            ISA08                    NoteProperty   string ISA08=TheReceiver
            ISA09                    NoteProperty   string ISA09=190101
            ISA10                    NoteProperty   string ISA10=1200
            ISA11                    NoteProperty   string ISA11=<
            ISA12                    NoteProperty   string ISA12=00501
            ISA13                    NoteProperty   string ISA13=000000001
            ISA14                    NoteProperty   string ISA14=0
            ISA15                    NoteProperty   string ISA15=P

            Name                     NoteProperty   string Name=Sample1.edi
            ReceiverId               NoteProperty   string ReceiverId=TheReceiver
            SegmentDelimiter         NoteProperty   char SegmentDelimiter=~
            SenderId                 NoteProperty   string SenderId=TheSender
            
            Lines                    ScriptProperty System.Object Lines {get= ...
            #>
        }
    }
}

Describe -Tags 'MatchInfo' "Get-EdiTransactionSet" {
    foreach($testFile in $TestFiles) {
        Context "$($testFile['ContextName'])" {
            # create test file 
            $path = Join-Path $TestDrive $testFile["FileName"]  
            Set-Content -Path $path -Value $testFile["FileContent"]

            $ediTransactionSets = [System.Collections.ArrayList]::new()
            Get-EdiFile -InputObject $path | 
                Get-EdiTransactionSet |
                ForEach-Object { $ediTransactionSets.Add($_) }
            
            It "has expected # of transaction sets" {
                $ediTransactionSets.Count | Should Be $numberOfTransactionSets
            }

            It "has expected ST property values in 1st transaction set" {
                $ediTransactionSets[0].ST01 | Should Be "835"
                $ediTransactionSets[0].TransactionSetIdentifierCode | Should Be "835"

                $ediTransactionSets[0].ST02 | Should Be "07504123"
                $ediTransactionSets[0].TransactionSetControlNumber | Should Be "07504123"
            }

            It "has expected ST property values in 2nd transaction set" {
                $ediTransactionSets[1].ST01 | Should Be "835"
                $ediTransactionSets[1].TransactionSetIdentifierCode | Should Be "835"

                $ediTransactionSets[1].ST02 | Should Be "99999"
                $ediTransactionSets[1].TransactionSetControlNumber | Should Be "99999"
            }

            # testing Select-String output as input
            $ediTransactionSets.Clear()
            Select-String -Path $path -Pattern "ThisLastNameOccursOnlyOnce" -AllMatches |
                Get-EdiFile |
                Get-EdiTransactionSet -FilterOutput |
                ForEach-Object { $ediTransactionSets.Add($_) }
            
                It "should only have one transaction set output that matches the Select-String result" {
                    $ediTransactionSets.Count | Should Be 1
                }
        }
    }
}